<?xml version="1.0" encoding="UTF-8"?><collection xmlns="http://www.loc.gov/MARC21/slim"><record><leader>00489nam--2200193-i-4500</leader><controlfield tag="001">000002547</controlfield><controlfield tag="002">20161230</controlfield><controlfield tag="005">20161230201025</controlfield><controlfield tag="008">060222s1000------------r-----000-0-rum-d</controlfield><datafield ind1=" " ind2=" " tag="040"><subfield code="a">IFIN-HH</subfield></datafield><datafield ind1=" " ind2=" " tag="041"><subfield code="a">rum</subfield></datafield><datafield ind1=" " ind2=" " tag="080"><subfield code="a">539.4</subfield></datafield><datafield ind1="1" ind2=" " tag="100"><subfield code="a">Petre, Augustin</subfield></datafield><datafield ind1="1" ind2="0" tag="245"><subfield code="a">Bare cu pereti subtiri</subfield><subfield code="c">Augustin petre, mihail atanasiu</subfield></datafield><datafield ind1=" " ind2=" " tag="260"><subfield code="a">Bucuresti</subfield><subfield code="b">Editura Tehnica</subfield><subfield code="c">1960</subfield></datafield><datafield ind1=" " ind2=" " tag="300"><subfield code="a">231 P</subfield></datafield><datafield ind1="1" ind2=" " tag="700"><subfield code="a">Atanasiu, Mihail</subfield></datafield><datafield ind1=" " ind2=" " tag="852"><subfield code="a">6857</subfield><subfield code="c">539.4</subfield></datafield><datafield ind1=" " ind2=" " tag="CAT"><subfield code="a">Sys</subfield><subfield code="c">20130411</subfield><subfield code="h">133622</subfield></datafield></record></collection>